@misc{BirdsallCharlesK1991Ppvc,
series = {Adam Hilger series on plasma physics},
publisher = {Adam Hilger},
isbn = {0750301171},
year = {1991},
title = {Plasma physics via computer simulation},
address = {Bristol, Eng.},
author = {Birdsall, Charles K},
keywords = {Plasma (Ionized gases) -- Simulation methods; Computer simulation},
}

